{"e": "ORDER_TRADE_UPDATE", "T": 1704996001847, "E": 1704996001849, "o": {"s": "OPUSDT", "c": "whav9qcHuUefuW516dyioS", "S": "SELL", "o": "MARKET", "f": "GTC", "q": "12.9", "p": "0", "ap": "0", "sp": "0", "x": "NEW", "X": "NEW", "i": 8207438960, "l": "0", "z": "0", "L": "0", "n": "0", "N": "USDT", "T": 1704996001847, "t": 0, "b": "0", "a": "0", "m": "False", "R": "False", "wt": "CONTRACT_PRICE", "ot": "MARKET", "ps": "BOTH", "cp": "False", "rp": "0", "pP": "False", "si": 0, "ss": 0, "V": "NONE", "pm": "NONE", "gtd": 0}}
{"e": "ACCOUNT_UPDATE", "T": 1704996001847, "E": 1704996001849, "a": {"B": [{"a": "USDT", "wb": "60.30338059", "cw": "60.30338059", "bc": "0"}], "P": [{"s": "OPUSDT", "pa": "-12.9", "ep": "3.7364", "cr": "13.11689004", "up": "0.00941790", "mt": "cross", "iw": "0", "ps": "BOTH", "ma": "USDT", "bep": "3.7345318"}], "m": "ORDER"}}
{"e": "ORDER_TRADE_UPDATE", "T": 1704996001847, "E": 1704996001849, "o": {"s": "OPUSDT", "c": "whav9qcHuUefuW516dyioS", "S": "SELL", "o": "MARKET", "f": "GTC", "q": "12.9", "p": "0", "ap": "3.73640000", "sp": "0", "x": "TRADE", "X": "FILLED", "i": 8207438960, "l": "12.9", "z": "12.9", "L": "3.7364000", "n": "0.02409978", "N": "USDT", "T": 1704996001847, "t": 476705803, "b": "0", "a": "0", "m": "False", "R": "False", "wt": "CONTRACT_PRICE", "ot": "MARKET", "ps": "BOTH", "cp": "False", "rp": "0", "pP": "False", "si": 0, "ss": 0, "V": "NONE", "pm": "NONE", "gtd": 0}}
{"e": "ORDER_TRADE_UPDATE", "T": 1704996006136, "E": 1704996006138, "o": {"s": "OPUSDT", "c": "HM4BURXEcC2JgThE4noZjo", "S": "BUY", "o": "TAKE_PROFIT_MARKET", "f": "GTE_GTC", "q": "0", "p": "0", "ap": "0", "sp": "3.1386000", "x": "NEW", "X": "NEW", "i": 8207441033, "l": "0", "z": "0", "L": "0", "n": "0", "N": "USDT", "T": 1704996006136, "t": 0, "b": "0", "a": "0", "m": "False", "R": "True", "wt": "CONTRACT_PRICE", "ot": "TAKE_PROFIT_MARKET", "ps": "BOTH", "cp": "True", "rp": "0", "pP": "False", "si": 0, "ss": 0, "V": "NONE", "pm": "NONE", "gtd": 0}}
{"e": "ORDER_TRADE_UPDATE", "T": 1704996006241, "E": 1704996006244, "o": {"s": "OPUSDT", "c": "i89ovChZWwShALpmInkJBG", "S": "BUY", "o": "STOP_MARKET", "f": "GTE_GTC", "q": "0", "p": "0", "ap": "0", "sp": "3.8111000", "x": "NEW", "X": "NEW", "i": 8207441077, "l": "0", "z": "0", "L": "0", "n": "0", "N": "USDT", "T": 1704996006241, "t": 0, "b": "0", "a": "0", "m": "False", "R": "True", "wt": "CONTRACT_PRICE", "ot": "STOP_MARKET", "ps": "BOTH", "cp": "True", "rp": "0", "pP": "False", "si": 0, "ss": 0, "V": "NONE", "pm": "NONE", "gtd": 0}}
{"e": "ORDER_TRADE_UPDATE", "T": 1704996006448, "E": 1704996006449, "o": {"s": "OPUSDT", "c": "ATm6dW3nHUMvkqk0McN4Tn", "S": "BUY", "o": "TRAILING_STOP_MARKET", "f": "GTC", "q": "12.9", "p": "0", "ap": "0", "sp": "3.7715420", "x": "NEW", "X": "NEW", "i": 8207441123, "l": "0", "z": "0", "L": "0", "n": "0", "N": "USDT", "T": 1704996006448, "t": 0, "b": "0", "a": "0", "m": "False", "R": "False", "wt": "CONTRACT_PRICE", "ot": "TRAILING_STOP_MARKET", "ps": "BOTH", "cp": "False", "AP": "3.6617000", "cr": "1", "rp": "0", "pP": "False", "si": 0, "ss": 0, "V": "NONE", "pm": "NONE", "gtd": 0}}
{"e": "ORDER_TRADE_UPDATE", "T": 1704998184153, "E": 1704998184162, "o": {"s": "OPUSDT", "c": "i89ovChZWwShALpmInkJBG", "S": "BUY", "o": "STOP_MARKET", "f": "GTE_GTC", "q": "0", "p": "0", "ap": "0", "sp": "3.8111000", "x": "EXPIRED", "X": "EXPIRED", "i": 8207441077, "l": "0", "z": "0", "L": "0", "n": "0", "N": "USDT", "T": 1704998184153, "t": 0, "b": "0", "a": "0", "m": "False", "R": "True", "wt": "CONTRACT_PRICE", "ot": "STOP_MARKET", "ps": "BOTH", "cp": "True", "rp": "0", "pP": "False", "si": 0, "ss": 0, "V": "NONE", "pm": "NONE", "gtd": 0}}
{"e": "ORDER_TRADE_UPDATE", "T": 1704998184153, "E": 1704998184162, "o": {"s": "OPUSDT", "c": "i89ovChZWwShALpmInkJBG", "S": "BUY", "o": "MARKET", "f": "GTC", "q": "12.9", "p": "0", "ap": "0", "sp": "3.8111000", "x": "NEW", "X": "NEW", "i": 8207441077, "l": "0", "z": "0", "L": "0", "n": "0", "N": "USDT", "T": 1704998184153, "t": 0, "b": "0", "a": "0", "m": "False", "R": "True", "wt": "CONTRACT_PRICE", "ot": "STOP_MARKET", "ps": "BOTH", "cp": "True", "rp": "0", "pP": "False", "si": 0, "ss": 0, "V": "NONE", "pm": "NONE", "gtd": 0}}
{"e": "ACCOUNT_UPDATE", "T": 1704998184154, "E": 1704998184162, "a": {"B": [{"a": "USDT", "wb": "60.18033147", "cw": "60.18033147", "bc": "0"}], "P": [{"s": "OPUSDT", "pa": "-11.3", "ep": "3.7364", "cr": "12.99689004", "up": "-0.54261244", "mt": "cross", "iw": "0", "ps": "BOTH", "ma": "USDT", "bep": "3.723377973451"}], "m": "ORDER"}}
{"e": "ORDER_TRADE_UPDATE", "T": 1704998184153, "E": 1704998184162, "o": {"s": "OPUSDT", "c": "i89ovChZWwShALpmInkJBG", "S": "BUY", "o": "MARKET", "f": "GTC", "q": "12.9", "p": "0", "ap": "3.81140000", "sp": "3.8111000", "x": "TRADE", "X": "PARTIALLY_FILLED", "i": 8207441077, "l": "1.6", "z": "1.6", "L": "3.8114000", "n": "0.00304912", "N": "USDT", "T": 1704998184153, "t": 476740704, "b": "0", "a": "0", "m": "False", "R": "True", "wt": "CONTRACT_PRICE", "ot": "STOP_MARKET", "ps": "BOTH", "cp": "True", "rp": "-0.12000000", "pP": "False", "si": 0, "ss": 0, "V": "NONE", "pm": "NONE", "gtd": 0}}
{"e": "ACCOUNT_UPDATE", "T": 1704998184154, "E": 1704998184162, "a": {"B": [{"a": "USDT", "wb": "59.96499551", "cw": "59.96499551", "bc": "0"}], "P": [{"s": "OPUSDT", "pa": "-8.5", "ep": "3.7364", "cr": "12.78689004", "up": "-0.40815980", "mt": "cross", "iw": "0", "ps": "BOTH", "ma": "USDT", "bep": "3.693754722353"}], "m": "ORDER"}}
{"e": "ORDER_TRADE_UPDATE", "T": 1704998184153, "E": 1704998184162, "o": {"s": "OPUSDT", "c": "i89ovChZWwShALpmInkJBG", "S": "BUY", "o": "MARKET", "f": "GTC", "q": "12.9", "p": "0", "ap": "3.81140000", "sp": "3.8111000", "x": "TRADE", "X": "PARTIALLY_FILLED", "i": 8207441077, "l": "2.8", "z": "4.4", "L": "3.8114000", "n": "0.00533596", "N": "USDT", "T": 1704998184153, "t": 476740705, "b": "0", "a": "0", "m": "False", "R": "True", "wt": "CONTRACT_PRICE", "ot": "STOP_MARKET", "ps": "BOTH", "cp": "True", "rp": "-0.21000000", "pP": "False", "si": 0, "ss": 0, "V": "NONE", "pm": "NONE", "gtd": 0}}
{"e": "ACCOUNT_UPDATE", "T": 1704998184154, "E": 1704998184162, "a": {"B": [{"a": "USDT", "wb": "59.31129706", "cw": "59.31129706", "bc": "0"}], "P": [{"s": "OPUSDT", "pa": "0", "ep": "0", "cr": "12.14939004", "up": "0", "mt": "cross", "iw": "0", "ps": "BOTH", "ma": "USDT", "bep": "0"}], "m": "ORDER"}}
{"e": "ORDER_TRADE_UPDATE", "T": 1704998184153, "E": 1704998184162, "o": {"s": "OPUSDT", "c": "i89ovChZWwShALpmInkJBG", "S": "BUY", "o": "MARKET", "f": "GTC", "q": "12.9", "p": "0", "ap": "3.81140000", "sp": "3.8111000", "x": "TRADE", "X": "FILLED", "i": 8207441077, "l": "8.5", "z": "12.9", "L": "3.8114000", "n": "0.01619845", "N": "USDT", "T": 1704998184153, "t": 476740706, "b": "0", "a": "0", "m": "False", "R": "True", "wt": "CONTRACT_PRICE", "ot": "STOP_MARKET", "ps": "BOTH", "cp": "True", "rp": "-0.63750000", "pP": "False", "si": 0, "ss": 0, "V": "NONE", "pm": "NONE", "gtd": 0}}
{"e": "ORDER_TRADE_UPDATE", "T": 1704998184153, "E": 1704998184162, "o": {"s": "OPUSDT", "c": "HM4BURXEcC2JgThE4noZjo", "S": "BUY", "o": "TAKE_PROFIT_MARKET", "f": "GTE_GTC", "q": "0", "p": "0", "ap": "0", "sp": "3.1386000", "x": "EXPIRED", "X": "EXPIRED", "i": 8207441033, "l": "0", "z": "0", "L": "0", "n": "0", "N": "USDT", "T": 1704998184153, "t": 0, "b": "0", "a": "0", "m": "False", "R": "True", "wt": "CONTRACT_PRICE", "ot": "TAKE_PROFIT_MARKET", "ps": "BOTH", "cp": "True", "rp": "0", "pP": "False", "si": 0, "ss": 0, "V": "NONE", "pm": "NONE", "gtd": 0}}
{"e": "ORDER_TRADE_UPDATE", "T": 1704999457113, "E": 1704999457115, "o": {"s": "OPUSDT", "c": "ATm6dW3nHUMvkqk0McN4Tn", "S": "BUY", "o": "TRAILING_STOP_MARKET", "f": "GTC", "q": "12.9", "p": "0", "ap": "0", "sp": "3.7715420", "x": "CANCELED", "X": "CANCELED", "i": 8207441123, "l": "0", "z": "0", "L": "0", "n": "0", "N": "USDT", "T": 1704999457113, "t": 0, "b": "0", "a": "0", "m": "False", "R": "False", "wt": "CONTRACT_PRICE", "ot": "TRAILING_STOP_MARKET", "ps": "BOTH", "cp": "False", "AP": "3.6617000", "cr": "1", "rp": "0", "pP": "False", "si": 0, "ss": 0, "V": "NONE", "pm": "NONE", "gtd": 0}}
{"e": "ORDER_TRADE_UPDATE", "T": 1704999601999, "E": 1704999602001, "o": {"s": "OPUSDT", "c": "RqifkBX9THb4C88iq5j7hD", "S": "BUY", "o": "MARKET", "f": "GTC", "q": "12.3", "p": "0", "ap": "0", "sp": "0", "x": "NEW", "X": "NEW", "i": 8209425428, "l": "0", "z": "0", "L": "0", "n": "0", "N": "USDT", "T": 1704999601999, "t": 0, "b": "0", "a": "0", "m": "False", "R": "False", "wt": "CONTRACT_PRICE", "ot": "MARKET", "ps": "BOTH", "cp": "False", "rp": "0", "pP": "False", "si": 0, "ss": 0, "V": "NONE", "pm": "NONE", "gtd": 0}}
{"e": "ACCOUNT_UPDATE", "T": 1704999601999, "E": 1704999602001, "a": {"B": [{"a": "USDT", "wb": "59.28760726", "cw": "59.28760726", "bc": "0"}], "P": [{"s": "OPUSDT", "pa": "12.3", "ep": "3.852", "cr": "12.14939004", "up": "-0.01247404", "mt": "cross", "iw": "0", "ps": "BOTH", "ma": "USDT", "bep": "3.853926"}], "m": "ORDER"}}
{"e": "ORDER_TRADE_UPDATE", "T": 1704999601999, "E": 1704999602001, "o": {"s": "OPUSDT", "c": "RqifkBX9THb4C88iq5j7hD", "S": "BUY", "o": "MARKET", "f": "GTC", "q": "12.3", "p": "0", "ap": "3.85200000", "sp": "0", "x": "TRADE", "X": "FILLED", "i": 8209425428, "l": "12.3", "z": "12.3", "L": "3.8520000", "n": "0.02368980", "N": "USDT", "T": 1704999601999, "t": 476894014, "b": "0", "a": "0", "m": "False", "R": "False", "wt": "CONTRACT_PRICE", "ot": "MARKET", "ps": "BOTH", "cp": "False", "rp": "0", "pP": "False", "si": 0, "ss": 0, "V": "NONE", "pm": "NONE", "gtd": 0}}
{"e": "ORDER_TRADE_UPDATE", "T": 1704999605295, "E": 1704999605297, "o": {"s": "OPUSDT", "c": "ix6AwrLvP5apLeMtzWp9yI", "S": "SELL", "o": "TAKE_PROFIT_MARKET", "f": "GTE_GTC", "q": "0", "p": "0", "ap": "0", "sp": "4.4683000", "x": "NEW", "X": "NEW", "i": 8209426833, "l": "0", "z": "0", "L": "0", "n": "0", "N": "USDT", "T": 1704999605295, "t": 0, "b": "0", "a": "0", "m": "False", "R": "True", "wt": "CONTRACT_PRICE", "ot": "TAKE_PROFIT_MARKET", "ps": "BOTH", "cp": "True", "rp": "0", "pP": "False", "si": 0, "ss": 0, "V": "NONE", "pm": "NONE", "gtd": 0}}
{"e": "ORDER_TRADE_UPDATE", "T": 1704999605400, "E": 1704999605402, "o": {"s": "OPUSDT", "c": "hgHQKTNdsO7JQiDlodn8E3", "S": "SELL", "o": "STOP_MARKET", "f": "GTE_GTC", "q": "0", "p": "0", "ap": "0", "sp": "3.7750000", "x": "NEW", "X": "NEW", "i": 8209427035, "l": "0", "z": "0", "L": "0", "n": "0", "N": "USDT", "T": 1704999605400, "t": 0, "b": "0", "a": "0", "m": "False", "R": "True", "wt": "CONTRACT_PRICE", "ot": "STOP_MARKET", "ps": "BOTH", "cp": "True", "rp": "0", "pP": "False", "si": 0, "ss": 0, "V": "NONE", "pm": "NONE", "gtd": 0}}
{"e": "ORDER_TRADE_UPDATE", "T": 1704999605610, "E": 1704999605612, "o": {"s": "OPUSDT", "c": "2J3ldQgRXgOPXMa2bhXuQv", "S": "SELL", "o": "TRAILING_STOP_MARKET", "f": "GTC", "q": "12.3", "p": "0", "ap": "0", "sp": "3.8105100", "x": "NEW", "X": "NEW", "i": 8209427190, "l": "0", "z": "0", "L": "0", "n": "0", "N": "USDT", "T": 1704999605610, "t": 0, "b": "0", "a": "0", "m": "False", "R": "False", "wt": "CONTRACT_PRICE", "ot": "TRAILING_STOP_MARKET", "ps": "BOTH", "cp": "False", "AP": "3.9290000", "cr": "1", "rp": "0", "pP": "False", "si": 0, "ss": 0, "V": "NONE", "pm": "NONE", "gtd": 0}}
{"e": "ORDER_TRADE_UPDATE", "T": 1705004718602, "E": 1705004718606, "o": {"s": "OPUSDT", "c": "2J3ldQgRXgOPXMa2bhXuQv", "S": "SELL", "o": "TRAILING_STOP_MARKET", "f": "GTC", "q": "12.3", "p": "0", "ap": "0", "sp": "3.9167370", "x": "EXPIRED", "X": "EXPIRED", "i": 8209427190, "l": "0", "z": "0", "L": "0", "n": "0", "N": "USDT", "T": 1705004718602, "t": 0, "b": "0", "a": "0", "m": "False", "R": "False", "wt": "CONTRACT_PRICE", "ot": "TRAILING_STOP_MARKET", "ps": "BOTH", "cp": "False", "AP": "3.9290000", "cr": "1", "rp": "0", "pP": "False", "si": 0, "ss": 0, "V": "NONE", "pm": "NONE", "gtd": 0}}
{"e": "ORDER_TRADE_UPDATE", "T": 1705004718602, "E": 1705004718606, "o": {"s": "OPUSDT", "c": "2J3ldQgRXgOPXMa2bhXuQv", "S": "SELL", "o": "MARKET", "f": "GTC", "q": "12.3", "p": "0", "ap": "0", "sp": "3.9167370", "x": "NEW", "X": "NEW", "i": 8209427190, "l": "0", "z": "0", "L": "0", "n": "0", "N": "USDT", "T": 1705004718602, "t": 0, "b": "0", "a": "0", "m": "False", "R": "False", "wt": "CONTRACT_PRICE", "ot": "TRAILING_STOP_MARKET", "ps": "BOTH", "cp": "False", "AP": "3.9290000", "cr": "1", "rp": "0", "pP": "False", "si": 0, "ss": 0, "V": "NONE", "pm": "NONE", "gtd": 0}}
{"e": "ACCOUNT_UPDATE", "T": 1705004718602, "E": 1705004718606, "a": {"B": [{"a": "USDT", "wb": "60.04457694", "cw": "60.04457694", "bc": "0"}], "P": [{"s": "OPUSDT", "pa": "0", "ep": "0", "cr": "12.93044004", "up": "0", "mt": "cross", "iw": "0", "ps": "BOTH", "ma": "USDT", "bep": "0"}], "m": "ORDER"}}
{"e": "ORDER_TRADE_UPDATE", "T": 1705004718602, "E": 1705004718606, "o": {"s": "OPUSDT", "c": "2J3ldQgRXgOPXMa2bhXuQv", "S": "SELL", "o": "MARKET", "f": "GTC", "q": "12.3", "p": "0", "ap": "3.91550000", "sp": "3.9167370", "x": "TRADE", "X": "FILLED", "i": 8209427190, "l": "12.3", "z": "12.3", "L": "3.9155000", "n": "0.02408032", "N": "USDT", "T": 1705004718602, "t": 477030073, "b": "0", "a": "0", "m": "False", "R": "False", "wt": "CONTRACT_PRICE", "ot": "TRAILING_STOP_MARKET", "ps": "BOTH", "cp": "False", "AP": "3.9290000", "cr": "1", "rp": "0.78105000", "pP": "False", "si": 0, "ss": 0, "V": "NONE", "pm": "NONE", "gtd": 0}}
{"e": "ORDER_TRADE_UPDATE", "T": 1705004718602, "E": 1705004718606, "o": {"s": "OPUSDT", "c": "ix6AwrLvP5apLeMtzWp9yI", "S": "SELL", "o": "TAKE_PROFIT_MARKET", "f": "GTE_GTC", "q": "0", "p": "0", "ap": "0", "sp": "4.4683000", "x": "EXPIRED", "X": "EXPIRED", "i": 8209426833, "l": "0", "z": "0", "L": "0", "n": "0", "N": "USDT", "T": 1705004718602, "t": 0, "b": "0", "a": "0", "m": "False", "R": "True", "wt": "CONTRACT_PRICE", "ot": "TAKE_PROFIT_MARKET", "ps": "BOTH", "cp": "True", "rp": "0", "pP": "False", "si": 0, "ss": 0, "V": "NONE", "pm": "NONE", "gtd": 0}}
{"e": "ORDER_TRADE_UPDATE", "T": 1705004718602, "E": 1705004718606, "o": {"s": "OPUSDT", "c": "hgHQKTNdsO7JQiDlodn8E3", "S": "SELL", "o": "STOP_MARKET", "f": "GTE_GTC", "q": "0", "p": "0", "ap": "0", "sp": "3.7750000", "x": "EXPIRED", "X": "EXPIRED", "i": 8209427035, "l": "0", "z": "0", "L": "0", "n": "0", "N": "USDT", "T": 1705004718602, "t": 0, "b": "0", "a": "0", "m": "False", "R": "True", "wt": "CONTRACT_PRICE", "ot": "STOP_MARKET", "ps": "BOTH", "cp": "True", "rp": "0", "pP": "False", "si": 0, "ss": 0, "V": "NONE", "pm": "NONE", "gtd": 0}}
{"e": "ORDER_TRADE_UPDATE", "T": 1705010401766, "E": 1705010401768, "o": {"s": "OPUSDT", "c": "T7rQhcuq8abuqd3IacSeCb", "S": "BUY", "o": "MARKET", "f": "GTC", "q": "12.4", "p": "0", "ap": "0", "sp": "0", "x": "NEW", "X": "NEW", "i": 8213707627, "l": "0", "z": "0", "L": "0", "n": "0", "N": "USDT", "T": 1705010401766, "t": 0, "b": "0", "a": "0", "m": "False", "R": "False", "wt": "CONTRACT_PRICE", "ot": "MARKET", "ps": "BOTH", "cp": "False", "rp": "0", "pP": "False", "si": 0, "ss": 0, "V": "NONE", "pm": "NONE", "gtd": 0}}
{"e": "ACCOUNT_UPDATE", "T": 1705010401766, "E": 1705010401768, "a": {"B": [{"a": "USDT", "wb": "60.02062572", "cw": "60.02062572", "bc": "0"}], "P": [{"s": "OPUSDT", "pa": "12.4", "ep": "3.8631", "cr": "12.93044004", "up": "0.01728795", "mt": "cross", "iw": "0", "ps": "BOTH", "ma": "USDT", "bep": "3.86503155"}], "m": "ORDER"}}
{"e": "ORDER_TRADE_UPDATE", "T": 1705010401766, "E": 1705010401768, "o": {"s": "OPUSDT", "c": "T7rQhcuq8abuqd3IacSeCb", "S": "BUY", "o": "MARKET", "f": "GTC", "q": "12.4", "p": "0", "ap": "3.86310000", "sp": "0", "x": "TRADE", "X": "FILLED", "i": 8213707627, "l": "12.4", "z": "12.4", "L": "3.8631000", "n": "0.02395122", "N": "USDT", "T": 1705010401766, "t": 477156491, "b": "0", "a": "0", "m": "False", "R": "False", "wt": "CONTRACT_PRICE", "ot": "MARKET", "ps": "BOTH", "cp": "False", "rp": "0", "pP": "False", "si": 0, "ss": 0, "V": "NONE", "pm": "NONE", "gtd": 0}}
{"e": "ORDER_TRADE_UPDATE", "T": 1705010404762, "E": 1705010404764, "o": {"s": "OPUSDT", "c": "HWNF5GkF2A5VgwLGhVocBA", "S": "SELL", "o": "TAKE_PROFIT_MARKET", "f": "GTE_GTC", "q": "0", "p": "0", "ap": "0", "sp": "4.4812000", "x": "NEW", "X": "NEW", "i": 8213708740, "l": "0", "z": "0", "L": "0", "n": "0", "N": "USDT", "T": 1705010404762, "t": 0, "b": "0", "a": "0", "m": "False", "R": "True", "wt": "CONTRACT_PRICE", "ot": "TAKE_PROFIT_MARKET", "ps": "BOTH", "cp": "True", "rp": "0", "pP": "False", "si": 0, "ss": 0, "V": "NONE", "pm": "NONE", "gtd": 0}}
{"e": "ORDER_TRADE_UPDATE", "T": 1705010404866, "E": 1705010404868, "o": {"s": "OPUSDT", "c": "E2qtpWKFtecQycUjHehyFD", "S": "SELL", "o": "STOP_MARKET", "f": "GTE_GTC", "q": "0", "p": "0", "ap": "0", "sp": "3.7858000", "x": "NEW", "X": "NEW", "i": 8213708783, "l": "0", "z": "0", "L": "0", "n": "0", "N": "USDT", "T": 1705010404866, "t": 0, "b": "0", "a": "0", "m": "False", "R": "True", "wt": "CONTRACT_PRICE", "ot": "STOP_MARKET", "ps": "BOTH", "cp": "True", "rp": "0", "pP": "False", "si": 0, "ss": 0, "V": "NONE", "pm": "NONE", "gtd": 0}}
{"e": "ORDER_TRADE_UPDATE", "T": 1705010405073, "E": 1705010405075, "o": {"s": "OPUSDT", "c": "F3F6XV86dOIhgELEQvwUCl", "S": "SELL", "o": "TRAILING_STOP_MARKET", "f": "GTC", "q": "12.4", "p": "0", "ap": "0", "sp": "3.8275380", "x": "NEW", "X": "NEW", "i": 8213708829, "l": "0", "z": "0", "L": "0", "n": "0", "N": "USDT", "T": 1705010405073, "t": 0, "b": "0", "a": "0", "m": "False", "R": "False", "wt": "CONTRACT_PRICE", "ot": "TRAILING_STOP_MARKET", "ps": "BOTH", "cp": "False", "AP": "3.9404000", "cr": "1", "rp": "0", "pP": "False", "si": 0, "ss": 0, "V": "NONE", "pm": "NONE", "gtd": 0}}
{"e": "ORDER_TRADE_UPDATE", "T": 1705016971793, "E": 1705016971795, "o": {"s": "OPUSDT", "c": "F3F6XV86dOIhgELEQvwUCl", "S": "SELL", "o": "TRAILING_STOP_MARKET", "f": "GTC", "q": "12.4", "p": "0", "ap": "0", "sp": "3.9800970", "x": "EXPIRED", "X": "EXPIRED", "i": 8213708829, "l": "0", "z": "0", "L": "0", "n": "0", "N": "USDT", "T": 1705016971793, "t": 0, "b": "0", "a": "0", "m": "False", "R": "False", "wt": "CONTRACT_PRICE", "ot": "TRAILING_STOP_MARKET", "ps": "BOTH", "cp": "False", "AP": "3.9404000", "cr": "1", "rp": "0", "pP": "False", "si": 0, "ss": 0, "V": "NONE", "pm": "NONE", "gtd": 0}}
{"e": "ORDER_TRADE_UPDATE", "T": 1705016971793, "E": 1705016971795, "o": {"s": "OPUSDT", "c": "F3F6XV86dOIhgELEQvwUCl", "S": "SELL", "o": "MARKET", "f": "GTC", "q": "12.4", "p": "0", "ap": "0", "sp": "3.9800970", "x": "NEW", "X": "NEW", "i": 8213708829, "l": "0", "z": "0", "L": "0", "n": "0", "N": "USDT", "T": 1705016971793, "t": 0, "b": "0", "a": "0", "m": "False", "R": "False", "wt": "CONTRACT_PRICE", "ot": "TRAILING_STOP_MARKET", "ps": "BOTH", "cp": "False", "AP": "3.9404000", "cr": "1", "rp": "0", "pP": "False", "si": 0, "ss": 0, "V": "NONE", "pm": "NONE", "gtd": 0}}
{"e": "ACCOUNT_UPDATE", "T": 1705016971793, "E": 1705016971795, "a": {"B": [{"a": "USDT", "wb": "61.44550972", "cw": "61.44550972", "bc": "0"}], "P": [{"s": "OPUSDT", "pa": "0", "ep": "0", "cr": "14.38000004", "up": "0", "mt": "cross", "iw": "0", "ps": "BOTH", "ma": "USDT", "bep": "0"}], "m": "ORDER"}}
{"e": "ORDER_TRADE_UPDATE", "T": 1705016971793, "E": 1705016971795, "o": {"s": "OPUSDT", "c": "F3F6XV86dOIhgELEQvwUCl", "S": "SELL", "o": "MARKET", "f": "GTC", "q": "12.4", "p": "0", "ap": "3.98000000", "sp": "3.9800970", "x": "TRADE", "X": "FILLED", "i": 8213708829, "l": "12.4", "z": "12.4", "L": "3.9800000", "n": "0.02467600", "N": "USDT", "T": 1705016971793, "t": 477290834, "b": "0", "a": "0", "m": "False", "R": "False", "wt": "CONTRACT_PRICE", "ot": "TRAILING_STOP_MARKET", "ps": "BOTH", "cp": "False", "AP": "3.9404000", "cr": "1", "rp": "1.44956000", "pP": "False", "si": 0, "ss": 0, "V": "NONE", "pm": "NONE", "gtd": 0}}
{"e": "ORDER_TRADE_UPDATE", "T": 1705016971793, "E": 1705016971795, "o": {"s": "OPUSDT", "c": "HWNF5GkF2A5VgwLGhVocBA", "S": "SELL", "o": "TAKE_PROFIT_MARKET", "f": "GTE_GTC", "q": "0", "p": "0", "ap": "0", "sp": "4.4812000", "x": "EXPIRED", "X": "EXPIRED", "i": 8213708740, "l": "0", "z": "0", "L": "0", "n": "0", "N": "USDT", "T": 1705016971793, "t": 0, "b": "0", "a": "0", "m": "False", "R": "True", "wt": "CONTRACT_PRICE", "ot": "TAKE_PROFIT_MARKET", "ps": "BOTH", "cp": "True", "rp": "0", "pP": "False", "si": 0, "ss": 0, "V": "NONE", "pm": "NONE", "gtd": 0}}
{"e": "ORDER_TRADE_UPDATE", "T": 1705016971793, "E": 1705016971795, "o": {"s": "OPUSDT", "c": "E2qtpWKFtecQycUjHehyFD", "S": "SELL", "o": "STOP_MARKET", "f": "GTE_GTC", "q": "0", "p": "0", "ap": "0", "sp": "3.7858000", "x": "EXPIRED", "X": "EXPIRED", "i": 8213708783, "l": "0", "z": "0", "L": "0", "n": "0", "N": "USDT", "T": 1705016971793, "t": 0, "b": "0", "a": "0", "m": "False", "R": "True", "wt": "CONTRACT_PRICE", "ot": "STOP_MARKET", "ps": "BOTH", "cp": "True", "rp": "0", "pP": "False", "si": 0, "ss": 0, "V": "NONE", "pm": "NONE", "gtd": 0}}
{"e": "ORDER_TRADE_UPDATE", "T": 1705017604581, "E": 1705017604583, "o": {"s": "OPUSDT", "c": "0RxUDPdL9PrXJ96BtFMs4X", "S": "BUY", "o": "MARKET", "f": "GTC", "q": "12.4", "p": "0", "ap": "0", "sp": "0", "x": "NEW", "X": "NEW", "i": 8215829494, "l": "0", "z": "0", "L": "0", "n": "0", "N": "USDT", "T": 1705017604581, "t": 0, "b": "0", "a": "0", "m": "False", "R": "False", "wt": "CONTRACT_PRICE", "ot": "MARKET", "ps": "BOTH", "cp": "False", "rp": "0", "pP": "False", "si": 0, "ss": 0, "V": "NONE", "pm": "NONE", "gtd": 0}}
{"e": "ACCOUNT_UPDATE", "T": 1705017604581, "E": 1705017604583, "a": {"B": [{"a": "USDT", "wb": "61.42088580", "cw": "61.42088580", "bc": "0"}], "P": [{"s": "OPUSDT", "pa": "12.4", "ep": "3.9716", "cr": "14.38000004", "up": "-0.05065883", "mt": "cross", "iw": "0", "ps": "BOTH", "ma": "USDT", "bep": "3.9735858"}], "m": "ORDER"}}
{"e": "ORDER_TRADE_UPDATE", "T": 1705017604581, "E": 1705017604583, "o": {"s": "OPUSDT", "c": "0RxUDPdL9PrXJ96BtFMs4X", "S": "BUY", "o": "MARKET", "f": "GTC", "q": "12.4", "p": "0", "ap": "3.97160000", "sp": "0", "x": "TRADE", "X": "FILLED", "i": 8215829494, "l": "12.4", "z": "12.4", "L": "3.9716000", "n": "0.02462392", "N": "USDT", "T": 1705017604581, "t": 477309902, "b": "0", "a": "0", "m": "False", "R": "False", "wt": "CONTRACT_PRICE", "ot": "MARKET", "ps": "BOTH", "cp": "False", "rp": "0", "pP": "False", "si": 0, "ss": 0, "V": "NONE", "pm": "NONE", "gtd": 0}}
{"e": "ORDER_TRADE_UPDATE", "T": 1705017607595, "E": 1705017607597, "o": {"s": "OPUSDT", "c": "snrbjJkmzPYK19Z5GKhvqw", "S": "SELL", "o": "TAKE_PROFIT_MARKET", "f": "GTE_GTC", "q": "0", "p": "0", "ap": "0", "sp": "4.6071000", "x": "NEW", "X": "NEW", "i": 8215830958, "l": "0", "z": "0", "L": "0", "n": "0", "N": "USDT", "T": 1705017607595, "t": 0, "b": "0", "a": "0", "m": "False", "R": "True", "wt": "CONTRACT_PRICE", "ot": "TAKE_PROFIT_MARKET", "ps": "BOTH", "cp": "True", "rp": "0", "pP": "False", "si": 0, "ss": 0, "V": "NONE", "pm": "NONE", "gtd": 0}}
{"e": "ORDER_TRADE_UPDATE", "T": 1705017607699, "E": 1705017607701, "o": {"s": "OPUSDT", "c": "i3mv6CED8XH9H5j5CWCzTJ", "S": "SELL", "o": "STOP_MARKET", "f": "GTE_GTC", "q": "0", "p": "0", "ap": "0", "sp": "3.8922000", "x": "NEW", "X": "NEW", "i": 8215831028, "l": "0", "z": "0", "L": "0", "n": "0", "N": "USDT", "T": 1705017607699, "t": 0, "b": "0", "a": "0", "m": "False", "R": "True", "wt": "CONTRACT_PRICE", "ot": "STOP_MARKET", "ps": "BOTH", "cp": "True", "rp": "0", "pP": "False", "si": 0, "ss": 0, "V": "NONE", "pm": "NONE", "gtd": 0}}
{"e": "ORDER_TRADE_UPDATE", "T": 1705017607906, "E": 1705017607909, "o": {"s": "OPUSDT", "c": "yfFHc6e3Jjzfj3Z08DPciT", "S": "SELL", "o": "TRAILING_STOP_MARKET", "f": "GTC", "q": "12.4", "p": "0", "ap": "0", "sp": "3.9346560", "x": "NEW", "X": "NEW", "i": 8215831093, "l": "0", "z": "0", "L": "0", "n": "0", "N": "USDT", "T": 1705017607906, "t": 0, "b": "0", "a": "0", "m": "False", "R": "False", "wt": "CONTRACT_PRICE", "ot": "TRAILING_STOP_MARKET", "ps": "BOTH", "cp": "False", "AP": "4.0510000", "cr": "1", "rp": "0", "pP": "False", "si": 0, "ss": 0, "V": "NONE", "pm": "NONE", "gtd": 0}}
{"e": "ORDER_TRADE_UPDATE", "T": 1705018886686, "E": 1705018886688, "o": {"s": "OPUSDT", "c": "i3mv6CED8XH9H5j5CWCzTJ", "S": "SELL", "o": "STOP_MARKET", "f": "GTE_GTC", "q": "0", "p": "0", "ap": "0", "sp": "3.8922000", "x": "EXPIRED", "X": "EXPIRED", "i": 8215831028, "l": "0", "z": "0", "L": "0", "n": "0", "N": "USDT", "T": 1705018886686, "t": 0, "b": "0", "a": "0", "m": "False", "R": "True", "wt": "CONTRACT_PRICE", "ot": "STOP_MARKET", "ps": "BOTH", "cp": "True", "rp": "0", "pP": "False", "si": 0, "ss": 0, "V": "NONE", "pm": "NONE", "gtd": 0}}
{"e": "ORDER_TRADE_UPDATE", "T": 1705018886686, "E": 1705018886688, "o": {"s": "OPUSDT", "c": "i3mv6CED8XH9H5j5CWCzTJ", "S": "SELL", "o": "MARKET", "f": "GTC", "q": "12.4", "p": "0", "ap": "0", "sp": "3.8922000", "x": "NEW", "X": "NEW", "i": 8215831028, "l": "0", "z": "0", "L": "0", "n": "0", "N": "USDT", "T": 1705018886686, "t": 0, "b": "0", "a": "0", "m": "False", "R": "True", "wt": "CONTRACT_PRICE", "ot": "STOP_MARKET", "ps": "BOTH", "cp": "True", "rp": "0", "pP": "False", "si": 0, "ss": 0, "V": "NONE", "pm": "NONE", "gtd": 0}}
{"e": "ACCOUNT_UPDATE", "T": 1705018886686, "E": 1705018886688, "a": {"B": [{"a": "USDT", "wb": "60.41095478", "cw": "60.41095478", "bc": "0"}], "P": [{"s": "OPUSDT", "pa": "0", "ep": "0", "cr": "13.39420004", "up": "0", "mt": "cross", "iw": "0", "ps": "BOTH", "ma": "USDT", "bep": "0"}], "m": "ORDER"}}
{"e": "ORDER_TRADE_UPDATE", "T": 1705018886686, "E": 1705018886688, "o": {"s": "OPUSDT", "c": "i3mv6CED8XH9H5j5CWCzTJ", "S": "SELL", "o": "MARKET", "f": "GTC", "q": "12.4", "p": "0", "ap": "3.89210000", "sp": "3.8922000", "x": "TRADE", "X": "FILLED", "i": 8215831028, "l": "12.4", "z": "12.4", "L": "3.8921000", "n": "0.02413102", "N": "USDT", "T": 1705018886686, "t": 477355658, "b": "0", "a": "0", "m": "False", "R": "True", "wt": "CONTRACT_PRICE", "ot": "STOP_MARKET", "ps": "BOTH", "cp": "True", "rp": "-0.98580000", "pP": "False", "si": 0, "ss": 0, "V": "NONE", "pm": "NONE", "gtd": 0}}
{"e": "ORDER_TRADE_UPDATE", "T": 1705018886686, "E": 1705018886688, "o": {"s": "OPUSDT", "c": "snrbjJkmzPYK19Z5GKhvqw", "S": "SELL", "o": "TAKE_PROFIT_MARKET", "f": "GTE_GTC", "q": "0", "p": "0", "ap": "0", "sp": "4.6071000", "x": "EXPIRED", "X": "EXPIRED", "i": 8215830958, "l": "0", "z": "0", "L": "0", "n": "0", "N": "USDT", "T": 1705018886686, "t": 0, "b": "0", "a": "0", "m": "False", "R": "True", "wt": "CONTRACT_PRICE", "ot": "TAKE_PROFIT_MARKET", "ps": "BOTH", "cp": "True", "rp": "0", "pP": "False", "si": 0, "ss": 0, "V": "NONE", "pm": "NONE", "gtd": 0}}
{"e": "ORDER_TRADE_UPDATE", "T": 1705021200808, "E": 1705021200810, "o": {"s": "OPUSDT", "c": "yfFHc6e3Jjzfj3Z08DPciT", "S": "SELL", "o": "TRAILING_STOP_MARKET", "f": "GTC", "q": "12.4", "p": "0", "ap": "0", "sp": "3.9346560", "x": "CANCELED", "X": "CANCELED", "i": 8215831093, "l": "0", "z": "0", "L": "0", "n": "0", "N": "USDT", "T": 1705021200808, "t": 0, "b": "0", "a": "0", "m": "False", "R": "False", "wt": "CONTRACT_PRICE", "ot": "TRAILING_STOP_MARKET", "ps": "BOTH", "cp": "False", "AP": "4.0510000", "cr": "1", "rp": "0", "pP": "False", "si": 0, "ss": 0, "V": "NONE", "pm": "NONE", "gtd": 0}}
{"e": "ORDER_TRADE_UPDATE", "T": 1705021201942, "E": 1705021201944, "o": {"s": "OPUSDT", "c": "YjpLNFENKMAnyYTvWbLRYS", "S": "BUY", "o": "MARKET", "f": "GTC", "q": "12.4", "p": "0", "ap": "0", "sp": "0", "x": "NEW", "X": "NEW", "i": 8217304207, "l": "0", "z": "0", "L": "0", "n": "0", "N": "USDT", "T": 1705021201942, "t": 0, "b": "0", "a": "0", "m": "False", "R": "False", "wt": "CONTRACT_PRICE", "ot": "MARKET", "ps": "BOTH", "cp": "False", "rp": "0", "pP": "False", "si": 0, "ss": 0, "V": "NONE", "pm": "NONE", "gtd": 0}}
{"e": "ACCOUNT_UPDATE", "T": 1705021201942, "E": 1705021201944, "a": {"B": [{"a": "USDT", "wb": "60.38682810", "cw": "60.38682810", "bc": "0"}], "P": [{"s": "OPUSDT", "pa": "12.4", "ep": "3.8914", "cr": "13.39420004", "up": "0.01390598", "mt": "cross", "iw": "0", "ps": "BOTH", "ma": "USDT", "bep": "3.8933457"}], "m": "ORDER"}}
{"e": "ORDER_TRADE_UPDATE", "T": 1705021201942, "E": 1705021201944, "o": {"s": "OPUSDT", "c": "YjpLNFENKMAnyYTvWbLRYS", "S": "BUY", "o": "MARKET", "f": "GTC", "q": "12.4", "p": "0", "ap": "3.89140000", "sp": "0", "x": "TRADE", "X": "FILLED", "i": 8217304207, "l": "12.4", "z": "12.4", "L": "3.8914000", "n": "0.02412668", "N": "USDT", "T": 1705021201942, "t": 477407678, "b": "0", "a": "0", "m": "False", "R": "False", "wt": "CONTRACT_PRICE", "ot": "MARKET", "ps": "BOTH", "cp": "False", "rp": "0", "pP": "False", "si": 0, "ss": 0, "V": "NONE", "pm": "NONE", "gtd": 0}}
{"e": "ORDER_TRADE_UPDATE", "T": 1705021204909, "E": 1705021204911, "o": {"s": "OPUSDT", "c": "BtTD3H56oozboGbZlwn5TW", "S": "SELL", "o": "TAKE_PROFIT_MARKET", "f": "GTE_GTC", "q": "0", "p": "0", "ap": "0", "sp": "4.5140000", "x": "NEW", "X": "NEW", "i": 8217305396, "l": "0", "z": "0", "L": "0", "n": "0", "N": "USDT", "T": 1705021204909, "t": 0, "b": "0", "a": "0", "m": "False", "R": "True", "wt": "CONTRACT_PRICE", "ot": "TAKE_PROFIT_MARKET", "ps": "BOTH", "cp": "True", "rp": "0", "pP": "False", "si": 0, "ss": 0, "V": "NONE", "pm": "NONE", "gtd": 0}}
{"e": "ORDER_TRADE_UPDATE", "T": 1705021205016, "E": 1705021205019, "o": {"s": "OPUSDT", "c": "ygcFMjOtbRh9J9LKaZ2K8W", "S": "SELL", "o": "STOP_MARKET", "f": "GTE_GTC", "q": "0", "p": "0", "ap": "0", "sp": "3.8136000", "x": "NEW", "X": "NEW", "i": 8217305465, "l": "0", "z": "0", "L": "0", "n": "0", "N": "USDT", "T": 1705021205016, "t": 0, "b": "0", "a": "0", "m": "False", "R": "True", "wt": "CONTRACT_PRICE", "ot": "STOP_MARKET", "ps": "BOTH", "cp": "True", "rp": "0", "pP": "False", "si": 0, "ss": 0, "V": "NONE", "pm": "NONE", "gtd": 0}}
{"e": "ORDER_TRADE_UPDATE", "T": 1705021205225, "E": 1705021205227, "o": {"s": "OPUSDT", "c": "AyI44CQOljWWJhdm1PJbwS", "S": "SELL", "o": "TRAILING_STOP_MARKET", "f": "GTC", "q": "12.4", "p": "0", "ap": "0", "sp": "3.8541690", "x": "NEW", "X": "NEW", "i": 8217305808, "l": "0", "z": "0", "L": "0", "n": "0", "N": "USDT", "T": 1705021205225, "t": 0, "b": "0", "a": "0", "m": "False", "R": "False", "wt": "CONTRACT_PRICE", "ot": "TRAILING_STOP_MARKET", "ps": "BOTH", "cp": "False", "AP": "3.9692000", "cr": "1", "rp": "0", "pP": "False", "si": 0, "ss": 0, "V": "NONE", "pm": "NONE", "gtd": 0}}
{"e": "ORDER_TRADE_UPDATE", "T": 1705026741317, "E": 1705026741320, "o": {"s": "OPUSDT", "c": "ygcFMjOtbRh9J9LKaZ2K8W", "S": "SELL", "o": "STOP_MARKET", "f": "GTE_GTC", "q": "0", "p": "0", "ap": "0", "sp": "3.8136000", "x": "EXPIRED", "X": "EXPIRED", "i": 8217305465, "l": "0", "z": "0", "L": "0", "n": "0", "N": "USDT", "T": 1705026741317, "t": 0, "b": "0", "a": "0", "m": "False", "R": "True", "wt": "CONTRACT_PRICE", "ot": "STOP_MARKET", "ps": "BOTH", "cp": "True", "rp": "0", "pP": "False", "si": 0, "ss": 0, "V": "NONE", "pm": "NONE", "gtd": 0}}
{"e": "ORDER_TRADE_UPDATE", "T": 1705026741317, "E": 1705026741320, "o": {"s": "OPUSDT", "c": "ygcFMjOtbRh9J9LKaZ2K8W", "S": "SELL", "o": "MARKET", "f": "GTC", "q": "12.4", "p": "0", "ap": "0", "sp": "3.8136000", "x": "NEW", "X": "NEW", "i": 8217305465, "l": "0", "z": "0", "L": "0", "n": "0", "N": "USDT", "T": 1705026741317, "t": 0, "b": "0", "a": "0", "m": "False", "R": "True", "wt": "CONTRACT_PRICE", "ot": "STOP_MARKET", "ps": "BOTH", "cp": "True", "rp": "0", "pP": "False", "si": 0, "ss": 0, "V": "NONE", "pm": "NONE", "gtd": 0}}
{"e": "ACCOUNT_UPDATE", "T": 1705026741317, "E": 1705026741320, "a": {"B": [{"a": "USDT", "wb": "59.38111246", "cw": "59.38111246", "bc": "0"}], "P": [{"s": "OPUSDT", "pa": "0", "ep": "0", "cr": "12.41212004", "up": "0", "mt": "cross", "iw": "0", "ps": "BOTH", "ma": "USDT", "bep": "0"}], "m": "ORDER"}}
{"e": "ORDER_TRADE_UPDATE", "T": 1705026741317, "E": 1705026741320, "o": {"s": "OPUSDT", "c": "ygcFMjOtbRh9J9LKaZ2K8W", "S": "SELL", "o": "MARKET", "f": "GTC", "q": "12.4", "p": "0", "ap": "3.81220000", "sp": "3.8136000", "x": "TRADE", "X": "FILLED", "i": 8217305465, "l": "12.4", "z": "12.4", "L": "3.8122000", "n": "0.02363564", "N": "USDT", "T": 1705026741317, "t": 477505464, "b": "0", "a": "0", "m": "False", "R": "True", "wt": "CONTRACT_PRICE", "ot": "STOP_MARKET", "ps": "BOTH", "cp": "True", "rp": "-0.98208000", "pP": "False", "si": 0, "ss": 0, "V": "NONE", "pm": "NONE", "gtd": 0}}
{"e": "ORDER_TRADE_UPDATE", "T": 1705026741317, "E": 1705026741320, "o": {"s": "OPUSDT", "c": "BtTD3H56oozboGbZlwn5TW", "S": "SELL", "o": "TAKE_PROFIT_MARKET", "f": "GTE_GTC", "q": "0", "p": "0", "ap": "0", "sp": "4.5140000", "x": "EXPIRED", "X": "EXPIRED", "i": 8217305396, "l": "0", "z": "0", "L": "0", "n": "0", "N": "USDT", "T": 1705026741317, "t": 0, "b": "0", "a": "0", "m": "False", "R": "True", "wt": "CONTRACT_PRICE", "ot": "TAKE_PROFIT_MARKET", "ps": "BOTH", "cp": "True", "rp": "0", "pP": "False", "si": 0, "ss": 0, "V": "NONE", "pm": "NONE", "gtd": 0}}
{"e": "ORDER_TRADE_UPDATE", "T": 1705026775627, "E": 1705026775629, "o": {"s": "OPUSDT", "c": "AyI44CQOljWWJhdm1PJbwS", "S": "SELL", "o": "TRAILING_STOP_MARKET", "f": "GTC", "q": "12.4", "p": "0", "ap": "0", "sp": "3.8541690", "x": "CANCELED", "X": "CANCELED", "i": 8217305808, "l": "0", "z": "0", "L": "0", "n": "0", "N": "USDT", "T": 1705026775627, "t": 0, "b": "0", "a": "0", "m": "False", "R": "False", "wt": "CONTRACT_PRICE", "ot": "TRAILING_STOP_MARKET", "ps": "BOTH", "cp": "False", "AP": "3.9692000", "cr": "1", "rp": "0", "pP": "False", "si": 0, "ss": 0, "V": "NONE", "pm": "NONE", "gtd": 0}}
